@article{Hutmacher, 
    author="Fabian Hutmacher",
    title="Why Is There So Much More Research on Vision Than on Any Other Sensory Modality?",
    journal="Front Psychol",
    year = "2019",
    DOI = "https://doi.org/10.3389/fpsyg.2019.02246"
}

@book{Worrall,
    author         = {David Worrall},
    title          = {Sonification Design, Humanâ€“Computer Interaction Series},
    publisher      = {Springer Nature Switzerland},
    year = {2019},
    DOI = {https://doi.org/10.1007/978-3-030-01497-1_2}
}

@book{Hermann,
    author         = {Thomas Hermann Andy Hunt and John G. Neuhoff},
    title          = {The sonification handbook},
    publisher      = {Berlin Logos Verlag},
    year           = {2011}
}